@Manual{R-base,
  title = {R: A Language and Environment for Statistical Computing},
  author = {{R Core Team}},
  organization = {R Foundation for Statistical Computing},
  address = {Vienna, Austria},
  year = {2021},
  url = {https://www.R-project.org/},
}

@Manual{R-bibtex,
  title = {bibtex: Bibtex Parser},
  author = {Romain Francois},
  year = {2020},
  note = {R package version 0.4.2.3},
  url = {https://github.com/romainfrancois/bibtex},
}

@Manual{R-graph,
  title = {graph: A package to handle graph data structures},
  author = {R. Gentleman and Elizabeth Whalen and W. Huber and S. Falcon},
  year = {2021},
  note = {R package version 1.70.0},
}

@Manual{R-paran,
  title = {paran: Horn's Test of Principal Components/Factors},
  author = {Alexis Dinno},
  year = {2018},
  note = {R package version 1.5.2},
  url = {http://alexisdinno.com/Software/files/PA_for_PCA_vs_FA.pdf},
}

@Manual{R-psych,
  title = {psych: Procedures for Psychological, Psychometric, and Personality
Research},
  author = {William Revelle},
  year = {2021},
  note = {R package version 2.1.9},
  url = {https://personality-project.org/r/psych/
https://personality-project.org/r/psych-manual.pdf},
}

@Manual{R-rmarkdown,
  title = {rmarkdown: Dynamic Documents for R},
  author = {JJ Allaire and Yihui Xie and Jonathan McPherson and Javier Luraschi and Kevin Ushey and Aron Atkins and Hadley Wickham and Joe Cheng and Winston Chang and Richard Iannone},
  year = {2021},
  note = {R package version 2.11},
  url = {https://CRAN.R-project.org/package=rmarkdown},
}

@Book{rmarkdown2018,
  title = {R Markdown: The Definitive Guide},
  author = {Yihui Xie and J.J. Allaire and Garrett Grolemund},
  publisher = {Chapman and Hall/CRC},
  address = {Boca Raton, Florida},
  year = {2018},
  note = {ISBN 9781138359338},
  url = {https://bookdown.org/yihui/rmarkdown},
}

@Book{rmarkdown2020,
  title = {R Markdown Cookbook},
  author = {Yihui Xie and Christophe Dervieux and Emily Riederer},
  publisher = {Chapman and Hall/CRC},
  address = {Boca Raton, Florida},
  year = {2020},
  note = {ISBN 9780367563837},
  url = {https://bookdown.org/yihui/rmarkdown-cookbook},
}

@Article{lorenzo2011,
  author    = {Urbano Lorenzo-Seva and Marieke E. Timmerman and Henk A. L. Kiers},
  title     = {The Hull Method for Selecting the Number of Common Factors},
  year      = {2011},
  month     = {apr},
  number    = {2},
  pages     = {340--364},
  volume    = {46},
  doi       = {10.1080/00273171.2011.564527},
  publisher = {Informa {UK} Limited},
}

@InCollection{timmerman2018,
  author    = {Marieke E. Timmerman and Urbano Lorenzo-Seva and Eva Ceulemans},
  publisher = {John Wiley {\&} Sons, Ltd},
  title     = {The Number of Factors Problem},
  year      = {2018},
  month     = {feb},
  pages     = {305--324},
  doi       = {10.1002/9781118489772.ch11},
}